@inproceedings{Avi2011,
author = {Bleiweiss, Avi},
title = {{Producer-Consumer Model for Massively Parallel Zero-Sum Games on the GPU}},
booktitle={{ISC}},
url = {{https://developer.nvidia.com/gpu-ai-board-games}},
year = {2011}
}
